@article{arimoto72,
  title={An algorithm for computing the capacity of arbitrary discrete memoryless channels},
  author={Arimoto, Suguru},
  journal={IEEE Transactions on Information Theory},
  volume={18},
  pages={14--20},
  year={1972},
  publisher={IEEE}
}

@article{bates19,
  title={Adaptive allocation of human visual working memory capacity during statistical and categorical learning},
  author={Bates, Christopher J and Lerch, Rachel A and Sims, Chris R and Jacobs, Robert A},
  journal={Journal of Vision},
  volume={19},
  number={2},
  pages={11--11},
  year={2019},
  publisher={The Association for Research in Vision and Ophthalmology}
}

@article{bates20,
  title={Efficient data compression in perception and perceptual memory.},
  author={Bates, Christopher J and Jacobs, Robert A},
  journal={Psychological Review},
  year={2020},
  volume={127},
  pages={891--917}
}

@book{berger71,
  title={Rate Distortion Theory: A Mathematical Basis for Data Compression},
  author={Berger, Toby},
  year={1971},
  publisher={Prentice-Hall},
  location={New Jersey}
}

@article{bertelson65,
  title={Serial choice reaction-time as a function of response versus signal-and-response repetition},
  author={Bertelson, Paul},
  journal={Nature},
  volume={206},
  pages={217--218},
  year={1965},
  publisher={Nature Publishing Group}
}

@article{bhui18,
  title={Decision by Sampling Implements Efficient Coding of Psychoeconomic Functions},
  author={Bhui, Rahul and Gershman, Samuel},
  journal={Psychological Review},
  volume={125},
  pages={985--1001},
  year={2018}
}

@article{blahut72,
  title={Computation of channel capacity and rate-distortion functions},
  author={Blahut, Richard},
  journal={IEEE transactions on Information Theory},
  volume={18},
  pages={460--473},
  year={1972},
  publisher={IEEE}
}

@incollection{blum03,
  title={{PAC-MDL} bounds},
  author={Blum, Avrim and Langford, John},
  booktitle={Learning Theory and Kernel Machines},
  pages={344--357},
  year={2003},
  editors={B. Scholk\"{o}pf and M. Warmuth},
  publisher={Springer}
}

@article{blumer87,
  title={Occam's razor},
  author={Blumer, Anselm and Ehrenfeucht, Andrzej and Haussler, David and Warmuth, Manfred K},
  journal={Information Processing Letters},
  volume={24},
  pages={377--380},
  year={1987},
  publisher={Elsevier}
}

@article{botvinick08,
  title={Hierarchical models of behavior and prefrontal function},
  author={Botvinick, Matthew M},
  journal={Trends in Cognitive Sciences},
  volume={12},
  pages={201--208},
  year={2008},
  publisher={Elsevier}
}

@article{brady09,
  title={Compression in Visual Working Memory: Using Statistical Regularities to Form More Efficient Memory Representations},
  author={Brady, Timothy and Konkle, Talia and Alvarez, George},
  journal={Journal of Experimental Psychology: General},
  volume={138},
  pages={487--502},
  year={2009}
}

@article{cartoni16,
  title={Appetitive Pavlovian-instrumental transfer: A review},
  author={Cartoni, Emilio and Balleine, Bernard and Baldassarre, Gianluca},
  journal={Neuroscience \& Biobehavioral Reviews},
  volume={71},
  pages={829--848},
  year={2016},
  publisher={Elsevier}
}

@article{collins12,
  title={How much of reinforcement learning is working memory, not reinforcement learning? A behavioral, computational, and neurogenetic analysis},
  author={Collins, Anne GE and Frank, Michael J},
  journal={European Journal of Neuroscience},
  volume={35},
  pages={1024--1035},
  year={2012},
  publisher={Wiley Online Library}
}

@article{collins14,
  title={Working memory contributions to reinforcement learning impairments in schizophrenia},
  author={Collins, Anne GE and Brown, Jaime K and Gold, James M and Waltz, James A and Frank, Michael J},
  journal={Journal of Neuroscience},
  volume={34},
  pages={13747--13756},
  year={2014},
  publisher={Soc Neuroscience}
}

@article{collins18,
  title={The tortoise and the hare: Interactions between reinforcement learning and working memory},
  author={Collins, Anne GE},
  journal={Journal of Cognitive Neuroscience},
  volume={30},
  pages={1422--1432},
  year={2018},
  publisher={MIT Press}
}

@article{dassonville99,
  title={Choice and stimulus--response compatibility affect duration of response selection},
  author={Dassonville, Paul and Lewis, Scott M and Foster, Heather E and Ashe, James},
  journal={Cognitive Brain Research},
  volume={7},
  pages={235--240},
  year={1999},
  publisher={Elsevier}
}

@article{denti19,
  title={A note on rational inattention and rate distortion theory},
  author={Denti, Tommaso and Marinacci, Massimo and Montrucchio, Luigi},
  journal={Decisions in Economics and Finance},
  pages={1--15},
  year={2019},
  publisher={Springer}
}

@article{dezfouli12,
  title={Habits, action sequences and reinforcement learning},
  author={Dezfouli, Amir and Balleine, Bernard W},
  journal={European Journal of Neuroscience},
  volume={35},
  pages={1036--1051},
  year={2012},
  publisher={Wiley Online Library}
}

@article{dickinson85,
  title={Actions and habits: the development of behavioural autonomy},
  author={Dickinson, Anthony},
  journal={Philosophical Transactions of the Royal Society of London. B, Biological Sciences},
  volume={308},
  pages={67--78},
  year={1985},
  publisher={The Royal Society London}
}

@article{dorfman19,
  title={Controllability governs the balance between Pavlovian and instrumental action selection},
  author={Dorfman, Hayley M and Gershman, Samuel J},
  journal={Nature Communications},
  volume={10},
  pages={1--8},
  year={2019},
  publisher={Nature Publishing Group}
}

@article{faisal08,
  title={Noise in the nervous system},
  author={Faisal, A Aldo and Selen, Luc PJ and Wolpert, Daniel M},
  journal={Nature Reviews Neuroscience},
  volume={9},
  pages={292--303},
  year={2008},
  publisher={Nature Publishing Group}
}

@article{feng14,
  title={Multitasking versus multiplexing: Toward a normative account of limitations in the simultaneous execution of control-demanding behaviors},
  author={Feng, Samuel F and Schwemmer, Michael and Gershman, Samuel J and Cohen, Jonathan D},
  journal={Cognitive, Affective, \& Behavioral Neuroscience},
  volume={14},
  pages={129--146},
  year={2014},
  publisher={Springer}
}

@article{fox15,
  title={Taming the noise in reinforcement learning via soft updates},
  author={Fox, Roy and Pakman, Ari and Tishby, Naftali},
  journal={arXiv preprint arXiv:1512.08562},
  year={2015}
}

@article{frund14,
  title={Quantifying the effect of intertrial dependence on perceptual decisions},
  author={Fr{\"u}nd, Ingo and Wichmann, Felix A and Macke, Jakob H},
  journal={Journal of Vision},
  volume={14},
  pages={9--9},
  year={2014},
  publisher={The Association for Research in Vision and Ophthalmology}
}

@article{gershmanlai20,
  title={The reward-complexity trade-off in schizophrenia},
  author={Gershman, Samuel J and Lai, Lucy},
  journal={bioRxiv},
  year={2020},
  publisher={Cold Spring Harbor Laboratory}
}

@article{gershman20,
title = "Origin of perseveration in the trade-off between reward and complexity",
journal = "Cognition",
volume = "204",
pages = "104394",
year = "2020",
issn = "0010-0277",
doi = "https://doi.org/10.1016/j.cognition.2020.104394",
url = "http://www.sciencedirect.com/science/article/pii/S0010027720302134",
author = "Samuel J. Gershman",
}

@incollection{gershman21,
  title={The rational analysis of memory},
  author={Gershman, Samuel J},
  booktitle={Oxford Handbook of Human Memory},
  editor={M. Kahana & A. Wagner},
  publisher={Oxford University Press},
  location={Oxford, UK},
  year={2021}
}

@inproceedings{grau18,
  title={Soft q-learning with mutual-information regularization},
  author={Grau-Moya, Jordi and Leibfried, Felix and Vrancx, Peter},
  booktitle={International Conference on Learning Representations},
  year={2018}
}

@article{graybiel98,
  title={The basal ganglia and chunking of action repertoires},
  author={Graybiel, Ann M},
  journal={Neurobiology of Learning and Memory},
  volume={70},
  pages={119--136},
  year={1998},
  publisher={Academic Press}
}

@article{hale68,
  title={The relation of correct and error responses in a serial choice reaction task},
  author={Hale, David},
  journal={Psychonomic Science},
  volume={13},
  pages={299--300},
  year={1968},
  publisher={Springer}
}

@article{hick52,
  title={On the rate of gain of information},
  author={Hick, William E},
  journal={Quarterly Journal of Dxperimental Psychology},
  volume={4},
  pages={11--26},
  year={1952},
  publisher={Taylor \& Francis}
}

@article{howarth56,
  title={Non-random sequences in visual threshold experiments},
  author={Howarth, CI and Bulmer, MG},
  journal={Quarterly Journal of Experimental Psychology},
  volume={8},
  pages={163--171},
  year={1956},
  publisher={SAGE Publications Sage UK: London, England}
}

@article{huffman52,
  title={A method for the construction of minimum-redundancy codes},
  author={Huffman, David A},
  journal={Proceedings of the IRE},
  volume={40},
  pages={1098--1101},
  year={1952},
  publisher={IEEE}
}

@article{hyman53,
  title={Stimulus information as a determinant of reaction time.},
  author={Hyman, Ray},
  journal={Journal of Experimental Psychology},
  volume={45},
  pages={188},
  year={1953},
  publisher={American Psychological Association}
}

@article{icard19,
  title={Why Be Random?},
  author={Icard, Thomas},
  journal={Mind},
  year={2019}
}

@article{jin10,
  title={Start/stop signals emerge in nigrostriatal circuits during sequence learning},
  author={Jin, Xin and Costa, Rui M},
  journal={Nature},
  volume={466},
  pages={457--462},
  year={2010},
  publisher={Nature Publishing Group}
}

@article{jin14,
  title={Basal ganglia subcircuits distinctively encode the parsing and concatenation of action sequences},
  author={Jin, Xin and Tecuapetla, Fatuel and Costa, Rui M},
  journal={Nature Neuroscience},
  volume={17},
  pages={423--430},
  year={2014},
  publisher={Nature Publishing Group}
}

@inproceedings{konda00,
  title={Actor-critic algorithms},
  author={Konda, Vijay R and Tsitsiklis, John N},
  booktitle={Advances in Neural Information Processing Systems},
  pages={1008--1014},
  year={2000}
}

@incollection{lashley51,
  title={The problem of serial order in behavior},
  author={Lashley, Karl Spencer},
  booktitle={Cerebral Mechanisms in Behavior},
  editor={Jeffress, LA},
  pages={112-136},
  publisher={Wiley},
  location={NY},
  year={1951}
}

@article{lau05,
  title={Dynamic response-by-response models of matching behavior in rhesus monkeys},
  author={Lau, Brian and Glimcher, Paul W},
  journal={Journal of the experimental analysis of behavior},
  volume={84},
  pages={555--579},
  year={2005},
  publisher={Wiley Online Library}
}

@article{lerch18,
  title={Policy Generalization In Capacity-Limited Reinforcement Learning},
  author={Lerch, Rachel A and Sims, Chris R},
  year={2018}
}

@article{lesaint14,
  title={Accounting for negative automaintenance in pigeons: A dual learning systems approach and factored representations},
  author={Lesaint, Florian and Sigaud, Olivier and Khamassi, Mehdi},
  journal={PloS one},
  volume={9},
  number={10},
  year={2014},
  publisher={Public Library of Science}
}

@article{longstreth88,
  title={Hick’s law: Its limit is 3 bits},
  author={Longstreth, Langdon E},
  journal={Bulletin of the Psychonomic Society},
  volume={26},
  pages={8--10},
  year={1988},
  publisher={Springer}
}

@article{mathy12,
  title={What’s magic about magic numbers? Chunking and data compression in short-term memory},
  author={Mathy, Fabien and Feldman, Jacob},
  journal={Cognition},
  volume={122},
  pages={346--362},
  year={2012},
  publisher={Elsevier}
}

@article{matvejka15,
  title={Rational inattention to discrete choices: A new foundation for the multinomial logit model},
  author={Mat{\v{e}}jka, Filip and McKay, Alisdair},
  journal={American Economic Review},
  volume={105},
  pages={272--98},
  year={2015}
}

@article{mcdougle20,
  title={Modeling the influence of working memory, reinforcement, and action uncertainty on reaction time and choice during instrumental learning},
  author={McDougle, Samuel D and Collins, Anne GE},
  journal={Psychonomic Bulletin \& Review},
  pages={1--20},
  year={2020},
  publisher={Springer}
}

@article{mcfadden01,
  title={Economic choices},
  author={McFadden, Daniel},
  journal={American Economic Review},
  volume={91},
  pages={351--378},
  year={2001}
}

@article{miller56,
  title={The magical number seven, plus or minus two: some limits on our capacity for processing information},
  author={Miller, George},
  journal={Psychological Review},
  volume={63},
  pages={81--97},
  year={1956}
}

@article{miller19,
  title={Habits Without Values},
  author={Miller, Kevin and Shenhav, Amitai and Ludvig, Elliot},
  journal={Psychological Review},
  volume={126},
  pages={292--311},
  year={2019}
}

@article{mosteller51,
  title={An experimental measurement of utility},
  author={Mosteller, Frederick and Nogee, Philip},
  journal={Journal of Political Economy},
  volume={59},
  pages={371--404},
  year={1951},
  publisher={The University of Chicago Press}
}

@article{mowbray59,
  title={On the reduction of choice reaction times with practice},
  author={Mowbray, GH and Rhoades, MV},
  journal={Quarterly Journal of Experimental Psychology},
  volume={11},
  pages={16--23},
  year={1959},
  publisher={Taylor \& Francis}
}

@article{musslick17,
  title={Multitasking Capability Versus Learning Efficiency in Neural Network Architectures},
  author={Musslick, Sebastian and Saxe, Andrew M and {\"O}zcimder, Kayhan and Dey, Biswadip and Henselman, Greg and Cohen, Jonathan D},
  year={2017},
  journal={Proceedings of the 39th Annual Meeting of the Cognitive Science Society},
  pages={829– 834}
}

@article{musslick20,
  title={On the Rational Boundedness of Cognitive Control: Shared Versus Separated Representations},
  author={Musslick, Sebastian and Saxe, Andrew and Hoskin, Abigail Novick and Reichman, Daniel and Cohen, Jonathan D},
  year={2020},
  publisher={PsyArXiv}
}

@article{nagy20,
    author={Nagy, David G and T{\"o}r{\"o}k, Bal{\'a}zs and Orb{\'a}n, Gerg{\H{o}}},
    journal = {PLOS Computational Biology},
    title = {Optimal forgetting: Semantic compression of episodic memories},
    year = {2020},
    volume = {16},
    pages = {1-28},
    doi = {10.1371/journal.pcbi.1008367}
}

@article{nassar18,
  title={Chunking as a Rational Strategy for Lossy Data Compression in Visual Working Memory},
  author={Nassar, Matthew and Helmers, Julie and Frank, Michael},
  journal={Psychological Review},
  volume={125},
  pages={486--511},
  year={2018}
}

@article{ngiam19,
  title={``Memory Compression'' Effects in Visual Working Memory Are Contingent on Explicit Long-Term Memory},
  author={Ngiam, William X and Brissenden, James and Awh, Edward},
  journal={Journal of Experimental Psychology: General},
  volume={148},
  pages={1373--1385},
  year={2019}
}

@article{norris20,
  title={Chunking and data compression in verbal short-term memory},
  author={Norris, Dennis and Kalm, Kristjan},
  journal={Cognition},
  volume={208},
  pages={104534},
  year={2020},
  publisher={Elsevier}
}

@article{ostlund09,
  title={Evidence of action sequence chunking in goal-directed instrumental conditioning and its dependence on the dorsomedial prefrontal cortex},
  author={Ostlund, Sean B and Winterbauer, Neil E and Balleine, Bernard W},
  journal={Journal of Neuroscience},
  volume={29},
  pages={8280--8287},
  year={2009},
  publisher={Soc Neuroscience}
}

@article{parush11,
  title={Dopaminergic balance between reward maximization and policy complexity},
  author={Parush, Naama and Tishby, Naftali and Bergman, Hagai},
  journal={Frontiers in Systems Neuroscience},
  volume={5},
  year={2011},
  publisher={Frontiers}
}

@article{proctor18,
  title={Hick’s law for choice reaction time: A review},
  author={Proctor, Robert W and Schneider, Darryl W},
  journal={Quarterly Journal of Experimental Psychology},
  volume={71},
  pages={1281--1299},
  year={2018},
  publisher={SAGE Publications Sage UK: London, England}
}

@article{ramkumar16,
  title={Chunking as the result of an efficiency computation trade-off},
  author={Ramkumar, Pavan and Acuna, Daniel E and Berniker, Max and Grafton, Scott T and Turner, Robert S and Kording, Konrad P},
  journal={Nature Communications},
  volume={7},
  pages={1--11},
  year={2016},
  publisher={Nature Publishing Group}
}

@article{robbins51,
  title={A stochastic approximation method},
  author={Robbins, Herbert and Monro, Sutton},
  journal={The Annals of Mathematical Statistics},
  pages={400--407},
  year={1951},
  publisher={JSTOR}
}

@article{russek17,
  title={Predictive representations can link model-based reinforcement learning to model-free mechanisms},
  author={Russek, Evan M and Momennejad, Ida and Botvinick, Matthew M and Gershman, Samuel J and Daw, Nathaniel D},
  journal={PLoS Computational Biology},
  volume={13},
  pages={e1005768},
  year={2017},
  publisher={Public Library of Science}
}

@article{sagiv18,
  title={Efficiency of learning vs. processing: Towards a normative theory of multitasking},
  author={Sagiv, Yotam and Musslick, Sebastian and Niv, Yael and Cohen, Jonathan D},
  journal={Proceedings of the 40th Annual Meeting of the Cognitive Science Society},
  pages={1004–1009},
  year={2018}
}

@article{still12,
  title={An information-theoretic approach to curiosity-driven reinforcement learning},
  author={Still, Susanne and Precup, Doina},
  journal={Theory in Biosciences},
  volume={131},
  pages={139--148},
  year={2012},
  publisher={Springer}
}

@incollection{tishby11,
  title={Information theory of decisions and actions},
  author={Tishby, Naftali and Polani, Daniel},
  booktitle={Perception-action cycle},
  pages={601--636},
  year={2011},
  publisher={Springer}
}

@article{sakai03,
  title={Chunking during human visuomotor sequence learning},
  author={Sakai, Katsuyuki and Kitaguchi, Katsuya and Hikosaka, Okihide},
  journal={Experimental Brain Research},
  volume={152},
  pages={229--242},
  year={2003},
  publisher={Springer}
}

@article{schneider11,
  title={A memory-based model of Hick’s law},
  author={Schneider, Darryl W and Anderson, John R},
  journal={Cognitive Psychology},
  volume={62},
  pages={193--222},
  year={2011},
  publisher={Elsevier}
}

@article{schulz19,
  title={The algorithmic architecture of exploration in the human brain},
  author={Schulz, Eric and Gershman, Samuel J},
  journal={Current Opinion in Neurobiology},
  volume={55},
  pages={7--14},
  year={2019},
  publisher={Elsevier}
}

@article{seibel63,
  title={Discrimination reaction time for a 1,023- alternative task},
  author={Seibel, Robert},
  journal={Journal of Experimental Psychology},
  volume={66},
  pages={215--226},
  year={1963}
}

@article{shannon48,
  title={A mathematical theory of communication},
  author={Shannon, Claude E},
  journal={The Bell system technical journal},
  volume={27},
  pages={379--423},
  year={1948}
}

@article{sims12,
  title={An Ideal Observer Analysis of Visual Working Memory},
  author={Sims, Chris and Jacobs, Robert and Knill, David},
  journal={Psychological Review},
  volume={119},
  pages={807--830},
  year={2012}
}

@article{sims16,
  title={Rate-distortion theory and human perception},
  author={Sims, Chris R},
  journal={Cognition},
  volume={152},
  pages={181--198},
  year={2016},
  publisher={Elsevier}
}

@article{stachenfeld17,
  title={The hippocampus as a predictive map},
  author={Stachenfeld, Kimberly L and Botvinick, Matthew M and Gershman, Samuel J},
  journal={Nature Neuroscience},
  volume={20},
  pages={1643},
  year={2017},
  publisher={Nature Publishing Group}
}

@book{sutton18,
  title={Reinforcement Learning: An Introduction},
  author={Sutton, Richard S and Barto, Andrew G},
  year={2018},
  publisher={MIT press},
  location={Cambridge, MA}
}

@article{teichner74,
  title={Laws of visual choice reaction time},
  author={Teichner, Warren and Krebs, Marjorie},
  journal={Psychological Review},
  volume={81},
  pages={75--98},
  year={1974}
}

@book{thorndike11,
  title={Animal Intelligence: Experimental Studies},
  author={Thorndike, Edward Lee},
  year={1911},
  publisher={Macmillan Press}
}

@article{tomov20,
  title={Discovery of hierarchical representations for efficient planning},
  author={Tomov, Momchil S and Yagati, Samyukta and Kumar, Agni and Yang, Wanqian and Gershman, Samuel J},
  journal={PLoS Computational Biology},
  volume={16},
  pages={e1007594},
  year={2020},
  publisher={Public Library of Science}
}

@article{tkavcik10,
  title={Optimal population coding by noisy spiking neurons},
  author={Tka{\v{c}}ik, Ga{\v{s}}per and Prentice, Jason S and Balasubramanian, Vijay and Schneidman, Elad},
  journal={Proceedings of the National Academy of Sciences},
  volume={107},
  pages={14419--14424},
  year={2010},
  publisher={National Acad Sciences}
}

@article{verplanck52,
  title={Nonindependence of successive responses in measurements of the visual threshold},
  author={Verplanck, William and Collier, George and Cotton, John},
  journal={Journal of Experimental Psychology},
  volume={44},
  pages={273--282},
  year={1952}
}

@book{vonneumann58,
  title={The Computer and the Brain},
  author={Von Neumann, John},
  year={1958},
  publisher={Yale University Press}
}

@article{wifall16,
  title={The roles of stimulus and response uncertainty in forced-choice performance: an amendment to Hick/Hyman Law},
  author={Wifall, Tim and Hazeltine, Eliot and Mordkoff, J Toby},
  journal={Psychological Research},
  volume={80},
  pages={555--565},
  year={2016},
  publisher={Springer}
}



% Generated by Paperpile. Check out https://paperpile.com for more information.
% BibTeX export options can be customized via Settings -> BibTeX.

@ARTICLE{Robertson2007-pv,
  title     = "The Serial Reaction Time Task: Implicit Motor Skill Learning?",
  author    = "Robertson, Edwin M",
  journal   = "J. Neurosci.",
  publisher = "Society for Neuroscience",
  volume    =  27,
  number    =  38,
  pages     = "10073-10075",
  month     =  sep,
  year      =  2007,
  language  = "en"
}

@ARTICLE{Maisto2015-pf,
  title    = "Divide et impera: subgoaling reduces the complexity of
              probabilistic inference and problem solving",
  author   = "Maisto, Domenico and Donnarumma, Francesco and Pezzulo, Giovanni",
  journal  = "J. R. Soc. Interface",
  volume   =  12,
  number   =  104,
  pages    = "20141335",
  month    =  mar,
  year     =  2015,
  language = "en"
}

@ARTICLE{Donnarumma2016-ao,
  title    = "Problem Solving as Probabilistic Inference with Subgoaling:
              Explaining Human Successes and Pitfalls in the Tower of Hanoi",
  author   = "Donnarumma, Francesco and Maisto, Domenico and Pezzulo, Giovanni",
  journal  = "PLoS Comput. Biol.",
  volume   =  12,
  number   =  4,
  pages    = "e1004864",
  month    =  apr,
  year     =  2016,
  language = "en"
}

@ARTICLE{Mathy2012-so,
  title    = "What's magic about magic numbers? Chunking and data compression
              in short-term memory",
  author   = "Mathy, Fabien and Feldman, Jacob",
  journal  = "Cognition",
  volume   =  122,
  number   =  3,
  pages    = "346-362",
  month    =  mar,
  year     =  2012,
  language = "en"
}

@INPROCEEDINGS{Miyapuram2006-gb,
  title     = "Hierarchical Chunking during Learning of Visuomotor Sequences",
  booktitle = "The 2006 {IEEE} International Joint Conference on Neural Network
               Proceedings",
  author    = "Miyapuram, K P and Bapi, R S and Pammi, C V S and {Ahmed} and
               Doya, K",
  pages     = "249-253",
  month     =  jul,
  year      =  2006
}

@ARTICLE{Gobet2001-vx,
  title    = "Chunking mechanisms in human learning",
  author   = "Gobet, F and Lane, P C R and Croker, S and Cheng, P C-H and
              Jones, G and Oliver, I and Pine, J M",
  journal  = "Trends Cogn. Sci.",
  volume   =  5,
  number   =  6,
  pages    = "236-243",
  month    =  jun,
  year     =  2001,
  language = "en"
}

@ARTICLE{Gobet1998-pc,
  title    = "Expert chess memory: revisiting the chunking hypothesis",
  author   = "Gobet, F and Simon, H A",
  journal  = "Memory",
  volume   =  6,
  number   =  3,
  pages    = "225-255",
  month    =  may,
  year     =  1998,
  language = "en"
}

@ARTICLE{Verwey_undated-ft,
  title   = "Buffer loading and chunking in sequential keypressing",
  author  = "Verwey, Willem B",
  journal = "J. Exp. Psychol. Hum. Percept. Perform.",
  volume  =  22,
  number  =  3,
  pages   = "544-562",
  month   =  jun
}

@ARTICLE{Terrace1991-di,
  title    = "Chunking during serial learning by a pigeon: I. Basic evidence",
  author   = "Terrace, H S",
  journal  = "J. Exp. Psychol. Anim. Behav. Process.",
  volume   =  17,
  number   =  1,
  pages    = "81-93",
  month    =  jan,
  year     =  1991,
  language = "en"
}

@ARTICLE{Verwey1999-fn,
  title   = "Evidence for a multistage model of practice in a sequential
             movement task",
  author  = "Verwey, Willem B",
  journal = "J. Exp. Psychol. Hum. Percept. Perform.",
  volume  =  25,
  number  =  6,
  pages   = "1693-1708",
  month   =  dec,
  year    =  1999
}

@PHDTHESIS{Precup2000-qa,
  title    = "Temporal abstraction in reinforcement learning",
  author   = "Precup, Doina",
  year     =  2000,
  school   = "University of Massachusetts Amherst"
}

@ARTICLE{Anguera2010-vu,
  title    = "Contributions of spatial working memory to visuomotor learning",
  author   = "Anguera, Joaquin A and Reuter-Lorenz, Patricia A and Willingham,
              Daniel T and Seidler, Rachael D",
  journal  = "J. Cogn. Neurosci.",
  volume   =  22,
  number   =  9,
  pages    = "1917-1930",
  month    =  sep,
  year     =  2010,
  language = "en"
}

@ARTICLE{Solopchuk2016-qq,
  title    = "Chunking improves symbolic sequence processing and relies on
              working memory gating mechanisms",
  author   = "Solopchuk, Oleg and Alamia, Andrea and Olivier, Etienne and
              Z{\'e}non, Alexandre",
  journal  = "Learn. Mem.",
  volume   =  23,
  number   =  3,
  pages    = "108-112",
  month    =  mar,
  year     =  2016,
  language = "en"
}

@ARTICLE{Izquierdo2012-vd,
  title    = "Reversal learning as a measure of impulsive and compulsive
              behavior in addictions",
  author   = "Izquierdo, Alicia and Jentsch, J David",
  journal  = "Psychopharmacology",
  volume   =  219,
  number   =  2,
  pages    = "607-620",
  month    =  jan,
  year     =  2012,
  language = "en"
}

@ARTICLE{Shima2007-ps,
  title    = "Categorization of behavioural sequences in the prefrontal cortex",
  author   = "Shima, Keisetsu and Isoda, Masaki and Mushiake, Hajime and Tanji,
              Jun",
  journal  = "Nature",
  volume   =  445,
  number   =  7125,
  pages    = "315-318",
  month    =  jan,
  year     =  2007,
  language = "en"
}

@MISC{Precup1998-wo,
  title   = "Theoretical results on reinforcement learning with temporally
             abstract options",
  author  = "Precup, Doina and Sutton, Richard S and Singh, Satinder",
  journal = "Machine Learning: ECML-98",
  pages   = "382-393",
  year    =  1998
}

@ARTICLE{Berg1948-bi,
  title    = "A simple objective technique for measuring flexibility in
              thinking",
  author   = "Berg, E A",
  journal  = "J. Gen. Psychol.",
  volume   =  39,
  pages    = "15-22",
  month    =  jul,
  year     =  1948,
  language = "en"
}

@ARTICLE{Miller1956-yj,
  title   = "The magical number seven, plus or minus two: some limits on our
             capacity for processing information",
  author  = "Miller, George A",
  journal = "Psychol. Rev.",
  volume  =  63,
  number  =  2,
  pages   = "81-97",
  month   =  mar,
  year    =  1956
}

@ARTICLE{Zelazo2006-kj,
  title    = "The Dimensional Change Card Sort ({DCCS)}: a method of assessing
              executive function in children",
  author   = "Zelazo, Philip David",
  journal  = "Nat. Protoc.",
  volume   =  1,
  number   =  1,
  pages    = "297-301",
  year     =  2006,
  language = "en"
}

@ARTICLE{Reddy2016-ew,
  title    = "Probabilistic Reversal Learning in Schizophrenia: Stability of
              Deficits and Potential Causal Mechanisms",
  author   = "Reddy, Lena Felice and Waltz, James A and Green, Michael F and
              Wynn, Jonathan K and Horan, William P",
  journal  = "Schizophr. Bull.",
  volume   =  42,
  number   =  4,
  pages    = "942-951",
  month    =  jul,
  year     =  2016,
  language = "en"
}

@UNPUBLISHED{Ludvig2017-vt,
  title    = "Associative Learning from Replayed Experience",
  author   = "Ludvig, Elliot A and Mirian, Mahdieh S and James Kehoe, E and
              Sutton, Richard S",
  journal  = "Cold Spring Harbor Laboratory",
  pages    = "100800",
  month    =  jan,
  year     =  2017,
  language = "en"
}

@ARTICLE{Momennejad2018-ho,
  title    = "Offline replay supports planning in human reinforcement learning",
  author   = "Momennejad, Ida and Otto, A Ross and Daw, Nathaniel D and Norman,
              Kenneth A",
  journal  = "Elife",
  volume   =  7,
  month    =  dec,
  year     =  2018,
  language = "en"
}

@article{norman81,
  title={Categorization of action slips},
  author={Norman, Donald},
  journal={Psychological Review},
  volume={88},
  pages={1--15},
  year={1981}
}

@ARTICLE{Gershman2014-oj,
  title    = "Retrospective revaluation in sequential decision making: a tale
              of two systems",
  author   = "Gershman, Samuel J and Markman, Arthur B and Otto, A Ross",
  journal  = "J. Exp. Psychol. Gen.",
  volume   =  143,
  number   =  1,
  pages    = "182-194",
  month    =  feb,
  year     =  2014,
  language = "en"
}

@ARTICLE{Gershman2017-mf,
  title    = "Imaginative Reinforcement Learning: Computational Principles and
              Neural Mechanisms",
  author   = "Gershman, Samuel J and Zhou, Jimmy and Kommers, Cody",
  journal  = "J. Cogn. Neurosci.",
  volume   =  29,
  number   =  12,
  pages    = "2103-2113",
  month    =  dec,
  year     =  2017,
  language = "en"
}

@ARTICLE{Hassett2017-dv,
  title    = "Change in the relative contributions of habit and working memory
              facilitates serial reversal learning expertise in rhesus monkeys",
  author   = "Hassett, Thomas C and Hampton, Robert R",
  journal  = "Anim. Cogn.",
  volume   =  20,
  number   =  3,
  pages    = "485-497",
  month    =  may,
  year     =  2017,
  language = "en"
}

@ARTICLE{Lehnert2019-kz,
  title         = "Successor Features Combine Elements of {Model-Free} and
                   Model-based Reinforcement Learning",
  author        = "Lehnert, Lucas and Littman, Michael L",
  month         =  jan,
  year          =  2019,
  archivePrefix = "arXiv",
  primaryClass  = "cs.LG",
  eprint        = "1901.11437"
}

@ARTICLE{Amir2020-lm,
  title    = "Value-complexity tradeoff explains mouse navigational learning",
  author   = "Amir, Nadav and Suliman, Reut and Tal, Maayan and Shifman, Sagiv
              and Tishby, Naftali and Nelken, Israel",
  journal  = "PLoS Comput. Biol.",
  volume   =  16,
  number   =  12,
  pages    = "e1008497",
  month    =  dec,
  year     =  2020,
  language = "en"
}

@ARTICLE{Lehnert2020-nv,
  title    = "Reward-predictive representations generalize across tasks in
              reinforcement learning",
  author   = "Lehnert, Lucas and Littman, Michael L and Frank, Michael J",
  journal  = "PLoS Comput. Biol.",
  volume   =  16,
  number   =  10,
  pages    = "e1008317",
  month    =  oct,
  year     =  2020,
  language = "en"
}

@ARTICLE{Schlagenhauf2014-oz,
  title    = "Striatal dysfunction during reversal learning in unmedicated
              schizophrenia patients",
  author   = "Schlagenhauf, Florian and Huys, Quentin J M and Deserno, Lorenz
              and Rapp, Michael A and Beck, Anne and Heinze, Hans-Joachim and
              Dolan, Ray and Heinz, Andreas",
  journal  = "Neuroimage",
  volume   =  89,
  pages    = "171-180",
  month    =  apr,
  year     =  2014,
  language = "en"
}

@article{forbes09,
  title={Working memory in schizophrenia: a meta-analysis},
  author={Forbes, NF and Carrick, LA and McIntosh, AM and Lawrie, SM},
  journal={Psychological Medicine},
  volume={39},
  pages={889},
  year={2009},
  publisher={Cambridge University Press}
}

@article{culbreth18,
  title={Effort-based decision-making in schizophrenia},
  author={Culbreth, Adam J and Moran, Erin K and Barch, Deanna M},
  journal={Current Opinion in Behavioral Sciences},
  volume={22},
  pages={1--6},
  year={2018},
  publisher={Elsevier}
}

@ARTICLE{Culbreth2016-rs,
  title    = "Impaired Activation in Cognitive Control Regions Predicts
              Reversal Learning in Schizophrenia",
  author   = "Culbreth, Adam J and Gold, James M and Cools, Roshan and Barch,
              Deanna M",
  journal  = "Schizophr. Bull.",
  volume   =  42,
  number   =  2,
  pages    = "484-493",
  month    =  mar,
  year     =  2016,
  language = "en"
}

@ARTICLE{Collins2017-he,
  title    = "Working Memory Load Strengthens Reward Prediction Errors",
  author   = "Collins, Anne G E and Ciullo, Brittany and Frank, Michael J and
              Badre, David",
  journal  = "J. Neurosci.",
  volume   =  37,
  number   =  16,
  pages    = "4332-4342",
  month    =  apr,
  year     =  2017,
  language = "en"
}

@ARTICLE{Bar-Gad2003-fn,
  title    = "Information processing, dimensionality reduction and
              reinforcement learning in the basal ganglia",
  author   = "Bar-Gad, Izhar and Morris, Genela and Bergman, Hagai",
  journal  = "Prog. Neurobiol.",
  volume   =  71,
  number   =  6,
  pages    = "439-473",
  month    =  dec,
  year     =  2003,
  language = "en"
}

@ARTICLE{Bliss2017-qt,
  title    = "Serial dependence is absent at the time of perception but
              increases in visual working memory",
  author   = "Bliss, Daniel P and Sun, Jerome J and D'Esposito, Mark",
  journal  = "Sci. Rep.",
  volume   =  7,
  number   =  1,
  pages    = "14739",
  month    =  nov,
  year     =  2017,
  language = "en"
}

@ARTICLE{Seidler2012-ab,
  title    = "Neurocognitive contributions to motor skill learning: the role of
              working memory",
  author   = "Seidler, Rachael D and Bo, Jin and Anguera, Joaquin A",
  journal  = "J. Mot. Behav.",
  volume   =  44,
  number   =  6,
  pages    = "445-453",
  year     =  2012,
  language = "en"
}

@ARTICLE{Bo2009-pa,
  title    = "Visuospatial working memory capacity predicts the organization of
              acquired explicit motor sequences",
  author   = "Bo, J and Seidler, R D",
  journal  = "J. Neurophysiol.",
  volume   =  101,
  number   =  6,
  pages    = "3116-3125",
  month    =  jun,
  year     =  2009,
  language = "en"
}


@ARTICLE{Nissen1987-vn,
  title   = "Attentional requirements of learning: Evidence from performance
             measures",
  author  = "Nissen, Mary Jo and Bullemer, Peter",
  journal = "Cogn. Psychol.",
  volume  =  19,
  number  =  1,
  pages   = "1-32",
  month   =  jan,
  year    =  1987
}

@ARTICLE{Grau-Moya_undated-dp,
  title  = "{SOFT} {Q-LEARNING} {WITH} {MUTUAL-INFORMATION} {REGULARIZATION}",
  author = "Grau-Moya, Jordi and Leibfried, Felix and Vrancx, Peter"
}

@ARTICLE{Fox_undated-im,
  title  = "Taming the Noise in Reinforcement Learning via Soft Updates",
  author = "Fox, Roy and Pakman, Ari and Tishby, Naftali"
}

@ARTICLE{Sakai2003-nh,
  title    = "Chunking during human visuomotor sequence learning",
  author   = "Sakai, Katsuyuki and Kitaguchi, Katsuya and Hikosaka, Okihide",
  journal  = "Exp. Brain Res.",
  volume   =  152,
  number   =  2,
  pages    = "229-242",
  month    =  sep,
  year     =  2003,
  language = "en"
}

@article{rutledge09,
  title={Dopaminergic drugs modulate learning rates and perseveration in Parkinson's patients in a dynamic foraging task},
  author={Rutledge, Robb B and Lazzaro, Stephanie C and Lau, Brian and Myers, Catherine E and Gluck, Mark A and Glimcher, Paul W},
  journal={Journal of Neuroscience},
  volume={29},
  pages={15104--15114},
  year={2009},
  publisher={Soc Neuroscience}
}

@ARTICLE{Jin2014-ee,
  title    = "Basal ganglia subcircuits distinctively encode the parsing and
              concatenation of action sequences",
  author   = "Jin, Xin and Tecuapetla, Fatuel and Costa, Rui M",
  journal  = "Nat. Neurosci.",
  volume   =  17,
  number   =  3,
  pages    = "423-430",
  month    =  mar,
  year     =  2014,
  language = "en"
}

@ARTICLE{Tomov2020-eu,
  title    = "Discovery of hierarchical representations for efficient planning",
  author   = "Tomov, Momchil S and Yagati, Samyukta and Kumar, Agni and Yang,
              Wanqian and Gershman, Samuel J",
  journal  = "PLoS Comput. Biol.",
  volume   =  16,
  number   =  4,
  pages    = "e1007594",
  month    =  apr,
  year     =  2020,
  language = "en"
}

@ARTICLE{Gershman2020-fe,
  title    = "Origin of perseveration in the trade-off between reward and
              complexity",
  author   = "Gershman, Samuel J",
  journal  = "Cognition",
  volume   =  204,
  pages    = "104394",
  month    =  jul,
  year     =  2020,
  language = "en"
}

@MISC{Abel2019-hr,
  title   = "State Abstraction as Compression in Apprenticeship Learning",
  author  = "Abel, David and Arumugam, Dilip and Asadi, Kavosh and Jinnai, Yuu
             and Littman, Michael L and Wong, Lawson L S",
  journal = "Proceedings of the AAAI Conference on Artificial Intelligence",
  volume  =  33,
  pages   = "3134-3142",
  year    =  2019
}

@INCOLLECTION{Rubin2012-ez,
  title     = "Trading Value and Information in {MDPs}",
  booktitle = "Decision Making with Imperfect Decision Makers",
  author    = "Rubin, Jonathan and Shamir, Ohad and Tishby, Naftali",
  editor    = "Guy, Tatiana Valentine and K{\'a}rn{\'y}, Miroslav and Wolpert,
               David H",
  publisher = "Springer Berlin Heidelberg",
  pages     = "57-74",
  year      =  2012,
  address   = "Berlin, Heidelberg"
}

@ARTICLE{Gillan2014-re,
  title    = "Goal-directed learning and obsessive-compulsive disorder",
  author   = "Gillan, Claire M and Robbins, Trevor W",
  journal  = "Philos. Trans. R. Soc. Lond. B Biol. Sci.",
  volume   =  369,
  number   =  1655,
  month    =  nov,
  year     =  2014,
  language = "en"
}

@ARTICLE{Bouchacourt2020-iw,
  title    = "Temporal chunking as a mechanism for unsupervised learning of
              task-sets",
  author   = "Bouchacourt, Flora and Palminteri, Stefano and Koechlin, Etienne
              and Ostojic, Srdjan",
  journal  = "Elife",
  volume   =  9,
  month    =  mar,
  year     =  2020,
  language = "en"
}

@ARTICLE{Ostlund2009-bd,
  title    = "Evidence of action sequence chunking in goal-directed
              instrumental conditioning and its dependence on the dorsomedial
              prefrontal cortex",
  author   = "Ostlund, Sean B and Winterbauer, Neil E and Balleine, Bernard W",
  journal  = "J. Neurosci.",
  volume   =  29,
  number   =  25,
  pages    = "8280-8287",
  month    =  jun,
  year     =  2009,
  language = "en"
}

@ARTICLE{Cartoni2016-ax,
  title    = "Appetitive Pavlovian-instrumental Transfer: A review",
  author   = "Cartoni, Emilio and Balleine, Bernard and Baldassarre, Gianluca",
  journal  = "Neurosci. Biobehav. Rev.",
  volume   =  71,
  pages    = "829-848",
  month    =  dec,
  year     =  2016,
  language = "en"
}

@ARTICLE{Smith2013-ji,
  title    = "A dual operator view of habitual behavior reflecting cortical and
              striatal dynamics",
  author   = "Smith, Kyle S and Graybiel, Ann M",
  journal  = "Neuron",
  volume   =  79,
  number   =  2,
  pages    = "361-374",
  month    =  jul,
  year     =  2013,
  language = "en"
}

@MISC{Tishby2011-jq,
  title   = "Information Theory of Decisions and Actions",
  author  = "Tishby, Naftali and Polani, Daniel",
  journal = "Perception-Action Cycle",
  pages   = "601-636",
  year    =  2011
}

@INCOLLECTION{McNamee2016-wn,
  title     = "Efficient state-space modularization for planning: theory,
               behavioral and neural signatures",
  booktitle = "Advances in Neural Information Processing Systems 29",
  author    = "McNamee, Daniel and Wolpert, Daniel M and Lengyel, Mate",
  editor    = "Lee, D D and Sugiyama, M and Luxburg, U V and Guyon, I and
               Garnett, R",
  publisher = "Curran Associates, Inc.",
  pages     = "4511-4519",
  year      =  2016
}

@ARTICLE{Parush2011-gn,
  title    = "Dopaminergic Balance between Reward Maximization and Policy
              Complexity",
  author   = "Parush, Naama and Tishby, Naftali and Bergman, Hagai",
  journal  = "Front. Syst. Neurosci.",
  volume   =  5,
  pages    = "22",
  month    =  may,
  year     =  2011,
  language = "en"
}

@ARTICLE{Desmurget2010-wp,
  title    = "Motor sequences and the basal ganglia: kinematics, not habits",
  author   = "Desmurget, Michel and Turner, Robert S",
  journal  = "J. Neurosci.",
  volume   =  30,
  number   =  22,
  pages    = "7685-7690",
  month    =  jun,
  year     =  2010,
  language = "en"
}

@ARTICLE{Dorfman2019-yn,
  title    = "Controllability governs the balance between Pavlovian and
              instrumental action selection",
  author   = "Dorfman, Hayley M and Gershman, Samuel J",
  journal  = "Nat. Commun.",
  volume   =  10,
  number   =  1,
  pages    = "5826",
  month    =  dec,
  year     =  2019,
  language = "en"
}

@ARTICLE{Jin2010-ko,
  title    = "Start/stop signals emerge in nigrostriatal circuits during
              sequence learning",
  author   = "Jin, Xin and Costa, Rui M",
  journal  = "Nature",
  volume   =  466,
  number   =  7305,
  pages    = "457-462",
  month    =  jul,
  year     =  2010,
  language = "en"
}

@ARTICLE{Gold2008-to,
  title    = "Reward processing in schizophrenia: a deficit in the
              representation of value",
  author   = "Gold, James M and Waltz, James A and Prentice, Kristen J and
              Morris, Sarah E and Heerey, Erin A",
  journal  = "Schizophr. Bull.",
  volume   =  34,
  number   =  5,
  pages    = "835-847",
  month    =  sep,
  year     =  2008,
  language = "en"
}

@ARTICLE{Huys2015-cq,
  title    = "Interplay of approximate planning strategies",
  author   = "Huys, Quentin J M and Lally, N{\'\i}all and Faulkner, Paul and
              Eshel, Neir and Seifritz, Erich and Gershman, Samuel J and Dayan,
              Peter and Roiser, Jonathan P",
  journal  = "Proc. Natl. Acad. Sci. U. S. A.",
  volume   =  112,
  number   =  10,
  pages    = "3098-3103",
  month    =  mar,
  year     =  2015,
  language = "en"
}

@ARTICLE{Graybiel1998-sw,
  title    = "The basal ganglia and chunking of action repertoires",
  author   = "Graybiel, A M",
  journal  = "Neurobiol. Learn. Mem.",
  volume   =  70,
  number   = "1-2",
  pages    = "119-136",
  month    =  jul,
  year     =  1998,
  language = "en"
}

@ARTICLE{Ramkumar2016-iy,
  title    = "Chunking as the result of an efficiency computation trade-off",
  author   = "Ramkumar, Pavan and Acuna, Daniel E and Berniker, Max and
              Grafton, Scott T and Turner, Robert S and Kording, Konrad P",
  journal  = "Nat. Commun.",
  volume   =  7,
  pages    = "12176",
  month    =  jul,
  year     =  2016,
  language = "en"
}

@ARTICLE{Dezfouli2012-yf,
  title       = "Habits, action sequences and reinforcement learning",
  author      = "Dezfouli, Amir and Balleine, Bernard W",
  journal     = "Eur. J. Neurosci.",
  volume      =  35,
  number      =  7,
  pages       = "1036-1051",
  month       =  apr,
  year        =  2012,
  language    = "en",
  original_id = "f4c63876-0b19-0d4d-af32-47038536d7e7"
}


@ARTICLE{Schultz1997-nx,
  title    = "A neural substrate of prediction and reward",
  author   = "Schultz, W and Dayan, P and Montague, P R",
  journal  = "Science",
  volume   =  275,
  number   =  5306,
  pages    = "1593-1599",
  month    =  mar,
  year     =  1997,
  language = "en"
}

